<?xml version="1.0" encoding="UTF-8"?>
<record xmlns="http://www.loc.gov/MARC21/slim">
   <leader>02161cam a2200397Ia 4500</leader>
   <controlfield tag="001">7152798</controlfield>
   <controlfield tag="003">NjP</controlfield>
   <controlfield tag="005">20190517190251.0</controlfield>
   <controlfield tag="008">120810m18669999sy            000 0 ara d</controlfield>
   <datafield tag="024" ind1="7" ind2=" ">
      <subfield code="a">princeton_aco003470</subfield>
      <subfield code="2">local</subfield>
   </datafield>
   <datafield ind1=" " ind2=" " tag="035">
      <subfield code="a">(OCoLC)ocn805763805</subfield>
   </datafield>
   <datafield ind1=" " ind2=" " tag="035">
      <subfield code="a">7152798</subfield>
   </datafield>
   <datafield ind1=" " ind2=" " tag="040">
      <subfield code="a">PUL</subfield>
      <subfield code="c">PUL</subfield>
   </datafield>
   <datafield ind1=" " ind2=" " tag="035">
      <subfield code="a">(OCoLC)805763805</subfield>
   </datafield>
   <datafield ind1="1" ind2=" " tag="041">
      <subfield code="a">ara</subfield>
      <subfield code="h">spa</subfield>
   </datafield>
   <datafield ind1=" " ind2="4" tag="050">
      <subfield code="a">BX2186</subfield>
      <subfield code="b">P812</subfield>
   </datafield>
   <datafield ind1=" " ind2=" " tag="079">
      <subfield code="a">ocn805735281</subfield>
   </datafield>
   <datafield ind1=" " ind2=" " tag="049">
      <subfield code="a">PULL</subfield>
   </datafield>
   <datafield ind1="1" ind2=" " tag="100">
      <subfield code="a">Puente, Luis de la,</subfield>
      <subfield code="d">1554-1624.</subfield>
      <subfield code="0">http://id.loc.gov/authorities/names/n85335028</subfield>
   </datafield>
   <datafield ind1="1" ind2="0" tag="240">
      <subfield code="a">Compendio de las meditaciones del padre Luis de la Puente de la compañía de Jesús.</subfield>
      <subfield code="l">Arabic</subfield>
   </datafield>
   <datafield ind1="1" ind2="0" tag="245">
      <subfield code="6">880-01</subfield>
      <subfield code="a">Kitāb Taʼammulāt al-Anbā Luwīs al-Yasūʻī al-mulaqqab bi-al-Jasarī :</subfield>
      <subfield code="b">wa-huwa thulthat ajzāʼ /</subfield>
      <subfield code="c">istakhrajahu ilá al-lughah al-ʻArabīyah al-Bādirah Buṭrus Farmāj.</subfield>
   </datafield>
   <datafield ind1="3" ind2="0" tag="246">
      <subfield code="6">880-02</subfield>
      <subfield code="a">Taʼammulāt al-Anbā Luwīs al-Yasūʻī al-mulaqqab bi-al-Jasarī</subfield>
   </datafield>
   <datafield ind1=" " ind2=" " tag="260">
      <subfield code="6">880-03</subfield>
      <subfield code="a">Ḥalab :</subfield>
      <subfield code="b">[s.n.],</subfield>
      <subfield code="c">1866-</subfield>
   </datafield>
   <datafield ind1=" " ind2=" " tag="300">
      <subfield code="a">v. ;</subfield>
      <subfield code="c">28 cm.</subfield>
   </datafield>
   <datafield ind1="1" ind2="0" tag="505">
      <subfield code="6">880-04</subfield>
      <subfield code="g">al-Juzʼ 1.</subfield>
      <subfield code="t">Fī al-ṣalawah al-ʻaqlīyah wa fī Allāh subḥānuh wa fī ṣifātihi al-iqnūmīyah.</subfield>
   </datafield>
   <datafield ind1=" " ind2="0" tag="650">
      <subfield code="a">Meditations.</subfield>
      <subfield code="0">http://id.loc.gov/authorities/subjects/sh85083220</subfield>
   </datafield>
   <datafield ind1=" " ind2="0" tag="650">
      <subfield code="a">God</subfield>
      <subfield code="x">Attributes.</subfield>
      <subfield code="0">http://id.loc.gov/authorities/subjects/sh85055519</subfield>
   </datafield>
   <datafield ind1=" " ind2="0" tag="650">
      <subfield code="a">Christian life.</subfield>
      <subfield code="0">http://id.loc.gov/authorities/subjects/sh85025095</subfield>
   </datafield>
   <datafield ind1="2" ind2="0" tag="610">
      <subfield code="a">Catholic Church</subfield>
      <subfield code="x">Doctrines.</subfield>
      <subfield code="0">http://id.loc.gov/authorities/subjects/sh85021103</subfield>
   </datafield>
   <datafield ind1="1" ind2=" " tag="700">
      <subfield code="6">880-05</subfield>
      <subfield code="a">Farmāj, Buṭrus.</subfield>
   </datafield>
   <datafield ind1="1" ind2="0" tag="880">
      <subfield code="6">245-01/r</subfield>
      <subfield code="a">كتاب تأملات الانبا لويس اليسوعي الملقب بالجسري :</subfield>
      <subfield code="b">وهو ثلثة اجزاء /</subfield>
      <subfield code="c">استخرجه الى اللغة العربية البادرة بطرس فرماج.</subfield>
   </datafield>
   <datafield ind1="3" ind2="0" tag="880">
      <subfield code="6">246-02/r</subfield>
      <subfield code="a">تأملات الانبا لويس اليسوعي الملقب بالجسري</subfield>
   </datafield>
   <datafield ind1=" " ind2=" " tag="880">
      <subfield code="6">260-03/r</subfield>
      <subfield code="a">حلب :</subfield>
      <subfield code="b">[د. ن.]،</subfield>
      <subfield code="c">1866-</subfield>
   </datafield>
   <datafield ind1="1" ind2="0" tag="880">
      <subfield code="6">505-04/r</subfield>
      <subfield code="g">الجزء 1.</subfield>
      <subfield code="t">في الصلوة العقلية و في الله سبحانه و في صفاته الاقنومية.</subfield>
   </datafield>
   <datafield ind1="1" ind2=" " tag="880">
      <subfield code="6">700-05/r</subfield>
      <subfield code="a">فرماج، بطرس.</subfield>
   </datafield>
   <datafield ind1=" " ind2=" " tag="994">
      <subfield code="a">C0</subfield>
      <subfield code="b">PUL</subfield>
   </datafield>
   <datafield ind1=" " ind2=" " tag="902">
      <subfield code="a">kc</subfield>
      <subfield code="b">o</subfield>
      <subfield code="6">a</subfield>
      <subfield code="7">m</subfield>
      <subfield code="d">v</subfield>
      <subfield code="f">1</subfield>
      <subfield code="e">20120810</subfield>
   </datafield>
   <datafield ind1=" " ind2=" " tag="904">
      <subfield code="a">kc</subfield>
      <subfield code="b">a</subfield>
      <subfield code="h">n</subfield>
      <subfield code="c">b</subfield>
      <subfield code="e">20120810</subfield>
   </datafield>
   <datafield ind1="0" ind2=" " tag="852">
      <subfield code="0">7017832</subfield>
      <subfield code="b">rcppa</subfield>
      <subfield code="h">BX2186</subfield>
      <subfield code="i">.P812</subfield>
   </datafield>
   <datafield ind1=" " ind2="0" tag="866">
      <subfield code="0">7017832</subfield>
      <subfield code="a">Juzʾ 1</subfield>
   </datafield>
   <datafield ind1=" " ind2="0" tag="866">
      <subfield code="0">7017832</subfield>
      <subfield code="x">DESIGNATOR: juzʾ</subfield>
   </datafield>
   <datafield ind1=" " ind2=" " tag="959">
      <subfield code="a">2012-08-10 17:17:27 -0400</subfield>
   </datafield>
</record>
